%# -*- coding:utf-8 -*-
% This file was created with JabRef 2.7b.
% Encoding: UTF8
@article{hadoopBAM,
title = {{Hadoop-BAM: directly manipulating next generation sequencing data in the cloud}},
author = {Matti Niemenmaa and Aleksi Kallio and Andr\'{e} Schumacher and Petri Klemel\"{a}},
journal = {Bioinformatics},
volume = 28,
number = 6,
pages = {876-7},
year = 2012
}
@article{Papalexi2018SinglecellRS,
  title={Single-cell {RNA} sequencing to explore immune cell heterogeneity},
  author={E. Papalexi and R. Satija},
  journal={Nature Reviews Immunology},
  year={2018},
  volume={18},
  pages={35-45}
}
@article{Zhang2019ComparativeAO,
  title={Comparative Analysis of Droplet-Based Ultra-High-Throughput Single-Cell {RNA}-Seq Systems},
  author={X. Zhang and Tianqi Li and F. Liu and Yaqi Chen and Jiacheng Yao and Z. Li and Y. Huang and Jianbin Wang},
  journal={Molecular cell},
  year={2019},
  volume={73},
  number={1},
  pages={130-142.e5}
}
@article{Macosko2015HighlyPG,
  title={Highly Parallel Genome-wide Expression Profiling of Individual Cells Using Nanoliter Droplets},
  author={Evan Z. Macosko and Anindita Basu and R. Satija and J. Nemesh and K. Shekhar and M. Goldman and Itay Tirosh and A. Bialas and N. Kamitaki and Emily M. Martersteck and John J. Trombetta and D. Weitz and J. Sanes and A. Shalek and A. Regev and S. McCarroll},
  journal={Cell},
  year={2015},
  volume={161},
  pages={1202-1214}
}
@article{Klein2015DropletBF,
  title={Droplet Barcoding for Single-Cell Transcriptomics Applied to Embryonic Stem Cells},
  author={Allon M. Klein and L. Mazutis and Ilke Akartuna and Naren Tallapragada and A. Veres and V. Li and L. Peshkin and D. Weitz and M. Kirschner},
  journal={Cell},
  year={2015},
  volume={161},
  pages={1187-1201}
}
@article{Rosenberg2018SinglecellPO,
  title={Single-cell profiling of the developing mouse brain and spinal cord with split-pool barcoding},
  author={A. Rosenberg and Charles M Roco and Richard A. Muscat and A. Kuchina and P. Sample and Zizhen Yao and Lucas T. Graybuck and David J Peeler and S. Mukherjee and Wei Chen and S. Pun and D. L. Sellers and B. Tasic and G. Seelig},
  journal={Science},
  year={2018},
  volume={360},
  pages={176 - 182}
}
@article{Cao2017ComprehensiveSC,
  title={Comprehensive single cell transcriptional profiling of a multicellular organism by combinatorial indexing},
  author={Junyue Cao and Jonathan S. Packer and V. Ramani and Darren A. Cusanovich and C. Huynh and R. Daza and Xiaojie Qiu and C. Lee and S. Furlan and F. Steemers and Andrew C. Adey and R. Waterston and C. Trapnell and J. Shendure},
  journal={bioRxiv},
  year={2017}
}
@article{Tian2018scPipe,
  title={{scPipe: A flexible R/Bioconductor preprocessing pipeline for single-cell RNA-sequencing data}},
  author={Luyi Tian and Shian Su and Xueyi Dong and Daniela Amann-Zalcenstein and Christine Biben and Azadeh Seidi and Douglas J. Hilton and Shalin H. Naik and Matthew E. Ritchie},
  journal={PLoS Computational Biology},
  volume={14},
  number={8},
  year={2018}
}
@article{Kivioja2012Counting,
  title={Counting absolute numbers of molecules using unique molecular identifiers},
  author={Teemu Kivioja and Anna V{\"a}h{\"a}rautio and K. Karlsson and M. Bonke and M. Enge and S. Linnarsson and J. Taipale},
  journal={Nature Methods},
  year={2012},
  volume={9},
  pages={72-74}
}
@article{Smith2017UMItools,
  title={{UMI}-tools: modeling sequencing errors in Unique Molecular Identifiers to improve quantification accuracy.},
  author={T. Smith and A. Heger and Ian M. Sudbery},
  journal={Genome research},
  year={2017},
  volume={27},
  number={3},
  pages={491-499}
}
@article{Camara2017Methods,
  author = {Pablo G. Camara},
  title = {Methods and challenges in the analysis of single-cell {RNA}-sequencing data},
  journal = {Current Opinion in Systems Biology},
  volume = {7},
  year = {2018},
  pages={47-53},
}
@article{Kim2015HISAT,
  title={{HISAT}: a fast spliced aligner with low memory requirements},
  author={Daehwan Kim and B. Langmead and S. Salzberg},
  journal={Nature Methods},
  year={2015},
  volume={12},
  number={4},
  pages={357-360}
}
@article{Parekh2018zUMIs,
  title={{zUMIs - A fast and flexible pipeline to process RNA sequencing data with UMIs}},
  author={Swati Parekh and C. Ziegenhain and Beate Vieth and W. Enard and Ines Hellmann},
  journal={GigaScience},
  year={2018},
  volume={7}
}
@article{schmieder2011quality,
  title={Quality control and preprocessing of metagenomic datasets},
  author={Schmieder, Robert and Edwards, Robert},
  journal={Bioinformatics},
  volume={27},
  number={6},
  pages={863--864},
  year={2011},
  publisher={Oxford University Press}
}
@article{Dobin2013STAR,
  title={{STAR: ultrafast universal RNA-seq aligner}},
  author={Alexander Dobin and Carrie A. Davis and Felix Schlesinger and Jorg Drenkow and Chris Zaleski and Sonali Jha and Philippe Batut and Mark Chaisson and Thomas R. Gingeras},
  journal={Bioinformatics},
  year={2013},
  volume={29},
  number={1},
  pages={15-21}
}
@article{Zheng2017Massively,
  title={Massively parallel digital transcriptional profiling of single cells},
  author={Grace X. Y. Zheng and Jessica M. Terry and P. Belgrader and Paul Ryvkin and Zachary W. Bent and Ryan Wilson and Solongo B. Ziraldo and Tobias D. Wheeler and Geoff McDermott and Junjie Zhu and M. Gregory and Joe Shuga and Luz Montesclaros and J. Underwood and Donald A. Masquelier and S. Y. Nishimura and Michael Schnall-Levin and P. W. Wyatt and Christopher M. Hindson and Rajiv Bharadwaj and A. Wong and K. Ness and L. Beppu and H. Deeg and C. McFarland and K. Loeb and W. Valente and Nolan G. Ericson and E. Stevens and J. Radich and T. Mikkelsen and B. Hindson and J. Bielas},
  journal={Nature Communications},
  year={2017},
  volume={8}
}
@article{Blibaum2019STARsolo,
  title={{STARsolo: single-cell RNA-seq analyses beyond gene expression}},
  author={Ash Blibaum and J. Werner and Alexander Dobin},
  journal={F1000Research},
  year={2019},
  volume={8}
}
@article{Gao2020Comparison,
  title={Comparison of High-Throughput Single-Cell {RNA} Sequencing Data Processing Pipelines},
  author={Mingxuan Gao and Mingyi Ling and Xinwei Tang and Shun Wang and Xu Xiao and Ying Qiao and Wenxian Yang and Rongshan Yu},
  journal={Briefings in Bioinformatics},
  volume={22},
  number={3},
  year={2021}
}
@article{Dean2008MapReduce,
  title={{MapReduce}: simplified data processing on large clusters},
  author={Jeffrey Dean and Sanjay Ghemawat},
  journal={Communications of the ACM},
  volume={51},
  number={1},
  year={2008},
  pages={107-113}
}
@inproceedings{Zaharia2012Resilient,
  title={Resilient Distributed Datasets: A Fault-Tolerant Abstraction for In-Memory Cluster Computing},
  author={Matei Zaharia and Mosharaf Chowdhury and Tathagata Das and Ankur Dave and Justin Ma and Murphy McCauly and Michael J. Franklin and Scott Shenker and Ion Stoica},
  booktitle={9th {USENIX} Symposium on Networked Systems Design and Implementation ({NSDI})},
  year={2012},
  pages={15-28}
}
@article{Abun2016SparkBWA,
  title={SparkBWA: Speeding Up the Alignment of High-Throughput DNA Sequencing Data},
  author={J. Abu{\'i}n and J. C. Pichel and T. Pena and J. Amigo},
  journal={PLoS ONE},
  year={2016},
  volume={11},
  number = {5},
}
@article{Li2018Highperformance,
  title={High-performance genomic analysis framework with in-memory computing},
  author={Xueqi Li and Guangming Tan and B. Wang and Ninghui Sun},
  journal={ACM SIGPLAN Notices},
  volume = {53},
  number = {1},
  pages = {317-328},
  year={2018}
}
@article{Yang2017Falco,
  title={Falco: a quick and flexible single-cell {RNA}-seq processing framework on the cloud},
  author={A. Yang and M. Troup and P. Lin and J. Ho},
  journal={Bioinformatics},
  year={2017},
  volume={33},
  number={5},
  pages={767-769}
}
########################### below UNUSED ###########################
@article{Sun2019Engineering,
  title={Engineering Precision Medicine},
  author={Sun, Wujin and Lee, Junmin and Zhang, Shiming and Benyshek, Cole and Dokmeci, Mehmet R. and Khademhosseini, Ali},
  journal={Advanced Science},
  year={2019},
}
@article{2011Cardiovascular,
  title={Cardiovascular side effects of cancer therapies: a position statement from the Heart Failure Association of the European Society of Cardiology},
  journal={European Journal of Heart Failure},
  volume={13},
  number={1},
  year={2011},
}
@article{Collins2003TheHG,
  title={The Human Genome Project: Lessons from Large-Scale Biology},
  author={F. Collins and M. Morgan and A. Patrinos},
  journal={Science},
  year={2003},
  volume={300},
  pages={286 - 290}
}
@article{Adam2015A,
  title={A global reference for human genetic variation.},
  author={Adam and Auton and Lisa, D and Brooks and Richard, M and Durbin and Erik, P and Garrison and Min, Hyun and Kang},
  journal={Nature},
  year={2015},
}
@article{Lee2018GeneDA,
  title={Gene discovery and polygenic prediction from a genome-wide association study of educational attainment in 1.1 million individuals},
  author={J. Lee and Robbee Wedow and A. Okbay and Edward Kong and O. Maghzian and Meghan Zacher and Tuan Anh Nguyen-Viet and Peter Bowers and J. Sidorenko and R. Karlsson Linn{\'e}r and M. Fontana and Tushar Kundu and Chanwook Lee and H. Li and R. Li and R. Royer and P. Timshel and R. Walters and E. Willoughby and L. Yengo and Maris Alver and Y. Bao and D. W. Clark and F. Day and N. Furlotte and P. Joshi and K. Kemper and A. Kleinman and C. Langenberg and R. M{\"a}gi and J. Trampush and S. Verma and Y. Wu and M. Lam and J. Zhao and Zhi-li Zheng and J. Boardman and H. Campbell and J. Freese and K. Harris and C. Hayward and P. Herd and M. Kumari and T. Lencz and J. Luan and A. Malhotra and A. Metspalu and L. Milani and K. Ong and J. Perry and D. Porteous and M. Ritchie and M. Smart and B. Smith and J. Tung and N. Wareham and J. Wilson and J. Beauchamp and Dalton C. Conley and T. Esko and Steven F. Lehrer and P. Magnusson and S. Oskarsson and T. Pers and M. Robinson and K. Thom and C. Watson and C. Chabris and M. Meyer and David Laibson and J. Yang and M. Johannesson and P. Koellinger and P. Turley and P. Visscher and D. Benjamin and D. Cesarini},
  journal={Nature Genetics},
  year={2018},
  volume={50},
  pages={1112-1121}
}
@article{Trapnell2014TheDA,
  title={The dynamics and regulators of cell fate decisions are revealed by pseudotemporal ordering of single cells},
  author={C. Trapnell and Davide Cacchiarelli and Jonna Grimsby and Prapti Pokharel and Shuqiang Li and M. Morse and N. Lennon and K. Livak and T. Mikkelsen and John L. Rinn},
  journal={Nature Biotechnology},
  year={2014},
  volume={32},
  pages={381-386}
}
@article{Navin2015TheFF,
  title={The first five years of single-cell cancer genomics and beyond.},
  author={N. Navin},
  journal={Genome research},
  year={2015},
  volume={25 10},
  pages={1499-507}
}
@article{Wiedmeier2019SingleCellSI,
  title={Single-Cell Sequencing in Precision Medicine.},
  author={Julia E Wiedmeier and Pawan Noel and W. Lin and D. V. Von Hoff and H. Han},
  journal={Cancer treatment and research},
  year={2019},
  volume={178},
  pages={237-252}
}
@article{Tang2009mRNASeqWA,
  title={mRNA-Seq whole-transcriptome analysis of a single cell},
  author={F. Tang and C{\'a}t{\'a}lin B{\'a}rb{\'a}cioru and Yangzhou Wang and E. Nordman and C. Lee and N. Xu and Xiaohui Wang and J. Bodeau and B. B. Tuch and A. Siddiqui and K. Lao and M. Surani},
  journal={Nature Methods},
  year={2009},
  volume={6},
  pages={377-382}
}
@article{Lee2014SinglecellAO,
  title={Single-cell analyses of transcriptional heterogeneity during drug tolerance transition in cancer cells by RNA sequencing},
  author={M. W. Lee and F. Lopez-Diaz and S. Y. Khan and M. A. Tariq and Yelena Dayn and Charles J. Vaske and Amie Radenbaugh and H. Kim and B. Emerson and N. Pourmand},
  journal={Proceedings of the National Academy of Sciences},
  year={2014},
  volume={111},
  pages={E4726 - E4735}
}
@article{Cloonan2008StemCT,
  title={Stem cell transcriptome profiling via massive-scale mRNA sequencing},
  author={N. Cloonan and A. Forrest and G. Kolle and B. Gardiner and G. Faulkner and M. Brown and D. Taylor and A. Steptoe and Shivangi Wani and G. Bethel and Alan J. Robertson and A. Perkins and S. J. Bruce and C. Lee and Swati S Ranade and H. Peckham and J. Manning and K. McKernan and S. Grimmond},
  journal={Nature Methods},
  year={2008},
  volume={5},
  pages={613-619}
}
@article{Loo2014SingleCA,
  title={Single cell analysis of cancer genomes.},
  author={P. Van Loo and T. Voet},
  journal={Current opinion in genetics & development},
  year={2014},
  volume={24},
  pages={82-91}
}
@article{Mortazavi2008MappingAQ,
  title={Mapping and quantifying mammalian transcriptomes by RNA-Seq},
  author={Ali Mortazavi and Brian A. Williams and K. Mccue and L. Schaeffer and B. Wold},
  journal={Nature Methods},
  year={2008},
  volume={5},
  pages={621-628}
}
@article{Nagalakshmi2008TheTL,
  title={The Transcriptional Landscape of the Yeast Genome Defined by RNA Sequencing},
  author={U. Nagalakshmi and Zhong Wang and Karl Waern and C. Shou and Debasish Raha and M. Gerstein and M. Snyder},
  journal={Science},
  year={2008},
  volume={320},
  pages={1344 - 1349}
}
@article{Kolodziejczyk2015TheTA,
  title={The technology and biology of single-cell RNA sequencing.},
  author={Aleksandra A. Kolodziejczyk and Jong Kyoung Kim and Valentine Svensson and J. Marioni and S. Teichmann},
  journal={Molecular cell},
  year={2015},
  volume={58 4},
  pages={610-20}
}
@article{Stegle2015ComputationalAA,
  title={Computational and analytical challenges in single-cell transcriptomics},
  author={O. Stegle and S. Teichmann and J. Marioni},
  journal={Nature Reviews Genetics},
  year={2015},
  volume={16},
  pages={133-145}
}
@article{Wills2015ApplicationOS,
  title={Application of single-cell genomics in cancer: promise and challenges},
  author={Quin F. Wills and A. Mead},
  journal={Human Molecular Genetics},
  year={2015},
  volume={24},
  pages={R74 - R84}
}
@article{Marr2016SinglecellGE,
  title={Single-cell gene expression profiling and cell state dynamics: collecting data, correlating data points and connecting the dots.},
  author={C. Marr and J. Zhou and S. Huang},
  journal={Current opinion in biotechnology},
  year={2016},
  volume={39},
  pages={207-214}
}
@article{Islam2014QuantitativeSR,
  title={Quantitative single-cell RNA-seq with unique molecular identifiers},
  author={S. Islam and Amit Zeisel and Simon Joost and G. L. Manno and P. Zajac and M. Kasper and P. L{\"o}nnerberg and S. Linnarsson},
  journal={Nature Methods},
  year={2014},
  volume={11},
  pages={163-166}
}
@article{Wu2020ToolsFT,
  title={Tools for the analysis of high-dimensional single-cell RNA sequencing data},
  author={Y. Wu and K. Zhang},
  journal={Nature Reviews Nephrology},
  year={2020},
  volume={16},
  pages={408-421}
}
@article{Petukhov2017AccurateEO,
  title={Accurate estimation of molecular counts in droplet-based single-cell RNA-seq experiments},
  author={Viktor Petukhov and J. Guo and Ninib Baryawno and Nicolas Severe and D. Scadden and P. Kharchenko},
  journal={bioRxiv},
  year={2017}
}
@article{Melsted2019ModularAE,
  title={Modular and efficient pre-processing of single-cell RNA-seq},
  author={P{\'a}ll Melsted and A. S. Booeshaghi and F. Gao and E. Beltrame and Lambda Lu and K. E. Hjorleifsson and J. Gehring and L. Pachter},
  journal={bioRxiv},
  year={2019}
}
@article{Svensson2017PowerAO,
  title={Power Analysis of Single Cell RNA-Sequencing Experiments},
  author={Valentine Svensson and K. Natarajan and Lam-Ha Ly and R. Miragaia and C. Labalette and I. Macaulay and A. Cvejic and S. Teichmann},
  journal={Nature methods},
  year={2017},
  volume={14},
  pages={381 - 387}
}
@unpublished{Statista,
   title = {https://www.statista.com/statistics/726812/patients-for-which-a-certain-drug-is-ineffective-by-therapy-class},
   howpublished = {\url{https://www.statista.com/statistics/726812/patients-for-which-a-certain-drug-is-ineffective-by-therapy-class/}}
}
@article{Wang2009RNASeqAR,
  title={RNA-Seq: a revolutionary tool for transcriptomics},
  author={Zhong Wang and M. Gerstein and M. Snyder},
  journal={Nature Reviews Genetics},
  year={2009},
  volume={10},
  pages={57-63}
}
@article{Wang2009RNASeqAR,
  title={RNA-Seq: a revolutionary tool for transcriptomics},
  author={Zhong Wang and M. Gerstein and M. Snyder},
  journal={Nature Reviews Genetics},
  year={2009},
  volume={10},
  pages={57-63}
}
@article{Chen2019SingleCellRT,
  title={Single-Cell RNA-Seq Technologies and Related Computational Data Analysis},
  author={G. Chen and B. Ning and T. Shi},
  journal={Frontiers in Genetics},
  year={2019},
  volume={10}
}
@article{Haque2017APG,
  title={A practical guide to single-cell RNA-sequencing for biomedical research and clinical applications},
  author={A. Haque and Jessica A. Engel and S. Teichmann and T. L{\"o}nnberg},
  journal={Genome Medicine},
  year={2017},
  volume={9}
}
@article{Ng2016A1S,
  title={A 17-gene stemness score for rapid determination of risk in acute leukaemia},
  author={S. Ng and Amanda Mitchell and J. A. Kennedy and W. Chen and J. Mcleod and N. Ibrahimova and A. Arruda and Andreea Popescu and V. Gupta and A. Schimmer and A. Schuh and K. Yee and L. Bullinger and T. Herold and D. G{\"o}rlich and T. Buechner and W. Hiddemann and W. Berdel and B. W{\"o}rmann and Meyling Cheok and C. Preudhomme and H. Dombret and K. Metzeler and C. Buske and B. L{\"o}wenberg and P. Valk and P. Zandstra and M. Minden and J. Dick and J. Wang},
  journal={Nature},
  year={2016},
  volume={540},
  pages={433-437}
}
@article{Svensson2017MooresLI,
  title={Moore's Law in Single Cell Transcriptomics},
  author={Valentine Svensson and R. Vento-Tormo and S. Teichmann},
  journal={arXiv: Genomics},
  year={2017}
}
@article{Petukhov2018dropEstPF,
  title={dropEst: pipeline for accurate estimation of molecular counts in droplet-based single-cell RNA-seq experiments},
  author={Viktor Petukhov and J. Guo and Ninib Baryawno and Nicolas Severe and D. Scadden and M. Samsonova and P. Kharchenko},
  journal={Genome Biology},
  year={2018},
  volume={19}
}
@article{Sahraeian2017GainingCB,
  title={Gaining comprehensive biological insight into the transcriptome by performing a broad-spectrum RNA-seq analysis},
  author={Sayed M. Sahraeian and M. Mohiyuddin and R. Sebra and Hagen Tilgner and P. Afshar and K. F. Au and Narges Bani Asadi and M. Gerstein and W. Wong and M. Snyder and E. Schadt and Hugo Y. K. Lam},
  journal={Nature Communications},
  year={2017},
  volume={8}
}
@article{Tommaso2017NextflowER,
  title={Nextflow enables reproducible computational workflows},
  author={Paolo Di Tommaso and Maria Chatzou and Evan W. Floden and Pablo Prieto Barja and Emilio Palumbo and Cedric Notredame},
  journal={Nature Biotechnology},
  year={2017},
  volume={35},
  pages={316-319}
}
@article{Srivastava2019AlevinEE,
  title={Alevin efficiently estimates accurate gene abundances from dscRNA-seq data},
  author={A. Srivastava and L. Malik and T. Smith and Ian M. Sudbery and Rob Patro},
  journal={Genome Biology},
  year={2019},
  volume={20}
}
@article{Melsted2019ModularAE,
  title={Modular and efficient pre-processing of single-cell RNA-seq},
  author={P{\'a}ll Melsted and A. S. Booeshaghi and F. Gao and E. Beltrame and Lambda Lu and K. E. Hjorleifsson and J. Gehring and L. Pachter},
  journal={bioRxiv},
  year={2019}
}
@article{Srivastava2016RapMapAR,
  title={RapMap: a rapid, sensitive and accurate tool for mapping RNA-seq reads to transcriptomes},
  author={A. Srivastava and H. Sarkar and Nitish Gupta and R. Patro},
  journal={Bioinformatics},
  year={2016},
  volume={32},
  pages={i192 - i200}
}
@article{Sarkar2018TowardsSB,
  title={Towards Selective-Alignment: Bridging the Accuracy Gap between Alignment-Based and Alignment-Free Transcript Quantification},
  author={H. Sarkar and M. Zakeri and L. Malik and R. Patro},
  journal={Proceedings of the 2018 ACM International Conference on Bioinformatics, Computational Biology, and Health Informatics},
  year={2018}
}
@article{Bray2016NearoptimalPR,
  title={Near-optimal probabilistic RNA-seq quantification},
  author={N. Bray and H. Pimentel and P{\'a}ll Melsted and L. Pachter},
  journal={Nature Biotechnology},
  year={2016},
  volume={34},
  pages={525-527}
}
@article{Melsted2019TheBU,
  title={The barcode, UMI, set format and BUStools},
  author={P{\'a}ll Melsted and Vasilis Ntranos and L. Pachter},
  journal={Bioinformatics},
  year={2019}
}
@article{Conesa2016ASO,
  title={A survey of best practices for RNA-seq data analysis},
  author={Ana Conesa and P. Madrigal and S. Tarazona and D. Gomez-Cabrero and A. Cervera and A. McPherson and M. Szcześniak and D. Gaffney and L. Elo and X. Zhang and Ali Mortazavi},
  journal={Genome Biology},
  year={2016},
  volume={17}
}
@article{Sahraeian2017GainingCB,
  title={Gaining comprehensive biological insight into the transcriptome by performing a broad-spectrum RNA-seq analysis},
  author={Sayed M. Sahraeian and M. Mohiyuddin and R. Sebra and Hagen Tilgner and P. Afshar and K. F. Au and Narges Bani Asadi and M. Gerstein and W. Wong and M. Snyder and E. Schadt and Hugo Y. K. Lam},
  journal={Nature Communications},
  year={2017},
  volume={8}
}
@article{Du2020EvaluationOS,
  title={Evaluation of STAR and Kallisto on Single Cell RNA-Seq Data Alignment},
  author={Yuheng Du and Qianhui Huang and C. Arisdakessian and L. Garmire},
  journal={G3: Genes|Genomes|Genetics},
  year={2020},
  volume={10},
  pages={1775 - 1783}
}
@article{Metzker2010SequencingT,
  title={Sequencing technologies — the next generation},
  author={M. Metzker},
  journal={Nature Reviews Genetics},
  year={2010},
  volume={11},
  pages={31-46}
}
@article{Lam2012DetectingAA,
  title={Detecting and annotating genetic variations using the HugeSeq pipeline},
  author={H. Y. Lam and Cuiping Pan and M. J. Clark and P. Lacroute and R. Chen and Rajini Haraksingh and Maeve O'Huallachain and M. Gerstein and J. Kidd and C. Bustamante and M. Snyder},
  journal={Nature Biotechnology},
  year={2012},
  volume={30},
  pages={226-229}
}
@article{Kelly2014ChurchillAU,
  title={Churchill: an ultra-fast, deterministic, highly scalable and balanced parallelization strategy for the discovery of human genetic variation in clinical and population-scale genomics},
  author={Benjamin J. Kelly and James R. Fitch and Yangqiu Hu and Donald Corsmeier and H. Zhong and A. Wetzel and Russell D Nordquist and David L. Newsom and P. White},
  journal={Genome Biology},
  year={2014},
  volume={16}
}
@article{DePristo2011AFF,
  title={A framework for variation discovery and genotyping using next-generation DNA sequencing data},
  author={M. A. DePristo and E. Banks and R. E. Poplin and K. V. Garimella and J. Maguire and C. Hartl and A. A. Philippakis and G. Del Angel and M. Rivas and M. Hanna and A. McKenna and T. J. Fennell and A. M. Kernytsky and A. Sivachenko and K. Cibulskis and S. Gabriel and D. Altshuler and M. Daly},
  journal={Nature genetics},
  year={2011},
  volume={43},
  pages={491 - 498}
}
@article{McKenna2010TheGA,
  title={The Genome Analysis Toolkit: a MapReduce framework for analyzing next-generation DNA sequencing data.},
  author={A. McKenna and M. Hanna and E. Banks and A. Sivachenko and K. Cibulskis and Andrew Kernytsky and Kiran V Garimella and David Altshuler and S. Gabriel and M. Daly and Mark A. DePristo},
  journal={Genome research},
  year={2010},
  volume={20 9},
  pages={1297-303}
}
@inproceedings{Massie2013ADAMGF,
  title={ADAM: Genomics Formats and Processing Patterns for Cloud Scale Computing},
  author={M. Massie and Frank A. Nothaft and C. Hartl and C. Kozanitis and A. Schumacher and A. Joseph and D. Patterson},
  year={2013}
}
@article{GhemawatSanjay2003TheGF,
  title={The Google file system},
  author={GhemawatSanjay and GobioffHoward and LeungShun-Tak},
  journal={Operating Systems Review},
  year={2003}
}
@article{Abadi2016TensorFlowLM,
  title={TensorFlow: Large-Scale Machine Learning on Heterogeneous Distributed Systems},
  author={M. Abadi and A. Agarwal and P. Barham and E. Brevdo and Z. Chen and Craig Citro and G. S. Corrado and Andy Davis and J. Dean and M. Devin and Sanjay Ghemawat and Ian J. Goodfellow and A. Harp and Geoffrey Irving and M. Isard and Y. Jia and R. J{\'o}zefowicz and L. Kaiser and M. Kudlur and Josh Levenberg and Dan Man{\'e} and Rajat Monga and Sherry Moore and D. Murray and Chris Olah and Mike Schuster and Jonathon Shlens and B. Steiner and Ilya Sutskever and Kunal Talwar and P. Tucker and V. Vanhoucke and V. Vasudevan and F. Vi{\'e}gas and Oriol Vinyals and Pete Warden and M. Wattenberg and Martin Wicke and Y. Yu and X. Zheng},
  journal={ArXiv},
  year={2016},
  volume={abs/1603.04467}
}
@inproceedings{Byma2017PersonaAH,
  title={Persona: A High-Performance Bioinformatics Framework},
  author={Stuart Byma and S. Whitlock and Laura Flueratoru and Ethan Tseng and C. Kozyrakis and E. Bugnion and J. Larus},
  booktitle={USENIX Annual Technical Conference},
  year={2017}
}
@article{Li2016AcceleratingLG,
  title={Accelerating large-scale genomic analysis with Spark},
  author={Xueqi Li and Guangming Tan and Chunming Zhang and X. Li and Zhonghai Zhang and Ninghui Sun},
  journal={2016 IEEE International Conference on Bioinformatics and Biomedicine (BIBM)},
  year={2016},
  pages={747-751}
}
@article{Li2013AligningSR,
  title={Aligning sequence reads, clone sequences and assembly contigs with BWA-MEM},
  author={H. Li},
  journal={arXiv: Genomics},
  year={2013}
}
@article{Kim2019GraphbasedGA,
  title={Graph-based genome alignment and genotyping with HISAT2 and HISAT-genotype},
  author={D. Kim and Joseph M. Paggi and Chanhee Park and C. Bennett and S. Salzberg},
  journal={Nature Biotechnology},
  year={2019},
  volume={37},
  pages={907-915}
}
@article{Li2009TheSA,
  title={The Sequence Alignment/Map format and SAMtools},
  author={Heng Li and R. Handsaker and A. Wysoker and Tim Fennell and J. Ruan and Nils Homer and G. Marth and G. Abecasis and R. Durbin},
  journal={Bioinformatics},
  year={2009},
  volume={25},
  pages={2078 - 2079}
}
@article{Anders2015HTSeqaPF,
  title={HTSeq—a Python framework to work with high-throughput sequencing data},
  author={S. Anders and Paul Theodor Pyl and W. Huber},
  journal={Bioinformatics},
  year={2015},
  volume={31},
  pages={166 - 169}
}
@article{Pertea2015StringTieEI,
  title={StringTie enables improved reconstruction of a transcriptome from RNA-seq reads},
  author={M. Pertea and G. Pertea and C. Antonescu and Tsung-Cheng Chang and J. Mendell and S. Salzberg},
  journal={Nature Biotechnology},
  year={2015},
  volume={33},
  pages={290-295}
}
@article{Liao2014featureCountsAE,
  title={featureCounts: an efficient general purpose program for assigning sequence reads to genomic features},
  author={Y. Liao and G. Smyth and Wei Shi},
  journal={Bioinformatics},
  year={2014},
  volume={30 7},
  pages={923-30}
}
@article{Luo2018GeneticDO,
  title={Genetic Dissection of Neural Circuits: A Decade of Progress.},
  author={L. Luo and E. Callaway and K. Svoboda},
  journal={Neuron},
  year={2018},
  volume={98 2},
  pages={256-281}
}
@article{Ascoli2008PetillaTN,
  title={Petilla terminology: nomenclature of features of GABAergic interneurons of the cerebral cortex},
  author={G. Ascoli and L. Alonso-Nanclares and S. Anderson and G. Barrionuevo and R. Benavides-Piccione and A. Burkhalter and G. Buzs{\'a}ki and B. Cauli and J. DeFelipe and A. Fair{\'e}n and D. Feldmeyer and G. Fishell and Y. Fr{\'e}gnac and T. Freund and Daniel Gardner and E. P. Gardner and J. Goldberg and M. Helmstaedter and S. Hestrin and F. Karube and Z. Kisv{\'a}rday and B. Lambolez and D. Lewis and O. Mar{\'i}n and H. Markram and Alberto Ortega Mu{\~n}oz and A. Packer and C. Petersen and K. Rockland and J. Rossier and B. Rudy and P. Somogyi and J. Staiger and G{\'a}bor Tam{\'a}s and A. Thomson and Maria Toledo-Rodriguez and Y. Wang and D. C. West and R. Yuste},
  journal={Nature Reviews Neuroscience},
  year={2008},
  volume={9},
  pages={557-568}
}
@article{Astbury1961MolecularBO,
  title={Molecular Biology or Ultrastructural Biology ?},
  author={W. Astbury},
  journal={Nature},
  year={1961},
  volume={190},
  pages={1124-1124}
}
@article{Watson1953GeneticalIO,
  title={Genetical Implications of the Structure of Deoxyribonucleic Acid},
  author={J. Watson and F. Crick},
  journal={Nature},
  year={1953},
  volume={171},
  pages={964-967}
}
@article{Vischer1948TheSA,
  title={The separation and quantitative estimation of purines and pyrimidines in minute amounts.},
  author={E. Vischer and E. Chargaff},
  journal={The Journal of biological chemistry},
  year={1948},
  volume={176 2},
  pages={703-14}
}
@article{Ferry2019TheSO,
  title={The structure of DNA},
  author={G. Ferry},
  journal={Nature},
  year={2019},
  volume={575},
  pages={35-36}
}
@article{Crick1970CentralDO,
  title={Central Dogma of Molecular Biology},
  author={F. Crick},
  journal={Nature},
  year={1970},
  volume={227},
  pages={561-563}
}
@article{Hashimshony2012CELSeqSR,
  title={CEL-Seq: single-cell RNA-Seq by multiplexed linear amplification.},
  author={T. Hashimshony and F. Wagner and Noa Sher and I. Yanai},
  journal={Cell reports},
  year={2012},
  volume={2 3},
  pages={666-73}
}
@article{Picelli2013Smartseq2FS,
  title={Smart-seq2 for sensitive full-length transcriptome profiling in single cells},
  author={S. Picelli and {\AA}. Bj{\"o}rklund and Omid R Faridani and S. Sagasser and G. Winberg and R. Sandberg},
  journal={Nature Methods},
  year={2013},
  volume={10},
  pages={1096-1098}
}
@article{Jaitin2014MassivelyPS,
  title={Massively Parallel Single-Cell RNA-Seq for Marker-Free Decomposition of Tissues into Cell Types},
  author={D. Jaitin and E. Kenigsberg and Hadas Keren-Shaul and Naama Elefant and Franziska Paul and I. Zaretsky and A. Mildner and Nadav Cohen and Steffen Jung and A. Tanay and I. Amit},
  journal={Science},
  year={2014},
  volume={343},
  pages={776 - 779}
}
@article{Shalek2013SinglecellTR,
  title={Single-cell transcriptomics reveals bimodality in expression and splicing in immune cells},
  author={A. Shalek and R. Satija and X. Adiconis and Rona S. Gertner and Jellert Gaublomme and R. Raychowdhury and S. Schwartz and N. Yosef and C. Malboeuf and D. Lu and John T. Trombetta and Dave Gennert and A. Gnirke and Alon Goren and N. Hacohen and J. Levin and H. Park and A. Regev},
  journal={Nature},
  year={2013},
  volume={498},
  pages={236 - 240}
}
@article{Shalek2014SingleCR,
  title={Single cell RNA Seq reveals dynamic paracrine control of cellular variation},
  author={A. Shalek and R. Satija and J. Shuga and John J. Trombetta and Dave Gennert and D. Lu and Peilin Chen and Rona S. Gertner and Jellert Gaublomme and N. Yosef and S. Schwartz and B. Fowler and S. Weaver and Jing Wang and X. Wang and Ruihua Ding and R. Raychowdhury and N. Friedman and N. Hacohen and H. Park and A. May and A. Regev},
  journal={Nature},
  year={2014},
  volume={510},
  pages={363 - 369}
}
@article{Thorsen2001DynamicPF,
  title={Dynamic pattern formation in a vesicle-generating microfluidic device.},
  author={T. Thorsen and R. Roberts and F. Arnold and S. Quake},
  journal={Physical review letters},
  year={2001},
  volume={86 18},
  pages={4163-6}
}
@article{Umbanhowar2000MonodisperseEG,
  title={Monodisperse Emulsion Generation via Drop Break Off in a Coflowing Stream},
  author={P. Umbanhowar and V. Prasad and D. Weitz},
  journal={Langmuir},
  year={2000},
  volume={16},
  pages={347-351}
}
@article{Hindson2011HighThroughputDD,
  title={High-Throughput Droplet Digital PCR System for Absolute Quantitation of DNA Copy Number},
  author={B. Hindson and K. Ness and Donald A. Masquelier and P. Belgrader and N. Heredia and A. J. Makarewicz and I. Bright and Michael Y. Lucero and Amy L. Hiddessen and T. Legler and Tyler K. Kitano and M. R. Hodel and Jonathan F. Petersen and P. W. Wyatt and Erin R. Steenblock and P. Shah and L. Bousse and C. B. Troup and J. C. Mellen and Dean K. Wittmann and Nicholas G. Erndt and Thomas H. Cauley and R. T. Koehler and Austin P. So and S. Dube and K. Rose and Luz Montesclaros and Shenglong Wang and D. P. Stumbo and Shawn Hodges and Steven Romine and F. Milanovich and H. White and J. F. Regan and G. Karlin-Neumann and Christopher M. Hindson and S. Saxonov and B. Colston},
  journal={Analytical Chemistry},
  year={2011},
  volume={83},
  pages={8604 - 8610}
}
@article{Vogelstein1999DigitalP,
  title={Digital PCR.},
  author={B. Vogelstein and K. Kinzler},
  journal={Proceedings of the National Academy of Sciences of the United States of America},
  year={1999},
  volume={96 16},
  pages={9236-41}
}
@article{Beer2008OnchipSR,
  title={On-chip single-copy real-time reverse-transcription PCR in isolated picoliter droplets.},
  author={N. R. Beer and E. Wheeler and Lorenna Lee-Houghton and N. Watkins and S. Nasarabadi and Nicole E Hebert and P. Leung and D. W. Arnold and C. Bailey and B. Colston},
  journal={Analytical chemistry},
  year={2008},
  volume={80 6},
  pages={1854-8}
}
@article{Brennecke2013AccountingFT,
  title={Accounting for technical noise in single-cell RNA-seq experiments},
  author={P. Brennecke and S. Anders and Jong Kyoung Kim and Aleksandra A. Kolodziejczyk and X. Zhang and Valentina Proserpio and Bianka Baying and V. Benes and S. Teichmann and J. Marioni and M. Heisler},
  journal={Nature Methods},
  year={2013},
  volume={10},
  pages={1093-1095}
}
@article{Fan2015CombinatorialLO,
  title={Combinatorial labeling of single cells for gene expression cytometry},
  author={H. C. Fan and G. K. Fu and S. P. Fodor},
  journal={Science},
  year={2015},
  volume={347}
}
@article{Han2018MappingTM,
  title={Mapping the Mouse Cell Atlas by Microwell-Seq},
  author={Xiao-ping Han and Renying Wang and Yincong Zhou and Lijiang Fei and G. Guo},
  journal={Cell},
  year={2018},
  volume={172},
  pages={1091-1107.e17}
}
@article{Agresti2010UltrahighthroughputSI,
  title={Ultrahigh-throughput screening in drop-based microfluidics for directed evolution},
  author={J. Agresti and E. Antipov and A. Abate and K. Ahn and A. Rowat and J. Baret and M. Marquez and A. Klibanov and A. Griffiths and D. Weitz},
  journal={Proceedings of the National Academy of Sciences},
  year={2010},
  volume={107},
  pages={4004 - 4009}
}
@article{Duncombe2015MicrofluidicsRB,
  title={Microfluidics: reframing biological enquiry},
  author={T. Duncombe and A. Tentori and A. Herr},
  journal={Nature Reviews Molecular Cell Biology},
  year={2015},
  volume={16},
  pages={554-567}
}
@article{Srivastava2020ABF,
  title={A Bayesian framework for inter-cellular information sharing improves dscRNA-seq quantification},
  author={A. Srivastava and Laraib Malik and H. Sarkar and Rob Patro},
  journal={Bioinformatics},
  year={2020},
  volume={36},
  pages={i292 - i299}
}
@article{Tommaso2015NextflowAT,
  title={Nextflow: A tool for deploying reproducible computational pipelines},
  author={P. D. Tommaso and Maria Chatzou and P. Prieto and Emilio Palumbo and C. Notredame},
  journal={F1000Research},
  year={2015},
  volume={4}
}
@article{zaharia2010spark,
  title={Spark: Cluster computing with working sets.},
  author={Zaharia, Matei and Chowdhury, Mosharaf and Franklin, Michael J and Shenker, Scott and Stoica, Ion and others},
  journal={HotCloud},
  volume={10},
  number={10-10},
  pages={95},
  year={2010}
}
@article{Han2015SparkAB,
  title={Spark: A Big Data Processing Platform Based on Memory Computing},
  author={Zhijie Han and Y. Zhang},
  journal={2015 Seventh International Symposium on Parallel Architectures, Algorithms and Programming (PAAP)},
  year={2015},
  pages={172-176}
}
@inproceedings{Hindman2011MesosAP,
  title={Mesos: A Platform for Fine-Grained Resource Sharing in the Data Center},
  author={B. Hindman and A. Konwinski and M. Zaharia and A. Ghodsi and A. Joseph and R. Katz and S. Shenker and I. Stoica},
  booktitle={NSDI},
  year={2011}
}
@article{Vavilapalli2013ApacheHY,
  title={Apache Hadoop YARN: yet another resource negotiator},
  author={Vinod Kumar Vavilapalli and A. C. Murthy and C. Douglas and S. Agarwal and Mahadev Konar and Robert Evans and T. Graves and J. Lowe and Hitesh Shah and S. Seth and Bikas Saha and C. Curino and O. O'Malley and Sanjay Radia and Benjamin Reed and Eric Baldeschwieler},
  journal={Proceedings of the 4th annual Symposium on Cloud Computing},
  year={2013}
}
@inproceedings{Malewicz2010PregelAS,
  title={Pregel: a system for large-scale graph processing},
  author={G. Malewicz and Matthew H. Austern and A. J. Bik and J. Dehnert and Ilan Horn and Naty Leiser and G. Czajkowski},
  booktitle={SIGMOD Conference},
  year={2010}
}
@article{Poirion2018UsingSN,
  title={Using single nucleotide variations in single-cell RNA-seq to identify subpopulations and genotype-phenotype linkage},
  author={Olivier B. Poirion and Xun Zhu and T. Ching and L. Garmire},
  journal={Nature Communications},
  year={2018},
  volume={9}
}
@article{Baruzzo2017SimulationbasedCB,
  title={Simulation-based comprehensive benchmarking of RNA-seq aligners},
  author={Giacomo Baruzzo and Katharina Hayer and Eun Ji Kim and B. Di Camillo and G. FitzGerald and G. Grant},
  journal={Nature Methods},
  year={2017},
  volume={14},
  pages={135-139}
}
@article{Engstrm2013SystematicEO,
  title={Systematic evaluation of spliced alignment programs for RNA-seq data},
  author={P. Engstr{\"o}m and Tamara Steijger and B. Sipos and G. Grant and Andr{\'e} Kahles and G. R{\"a}tsch and N. Goldman and T. Hubbard and J. Harrow and R. Guig{\'o} and Paul Bertone},
  journal={Nature Methods},
  year={2013},
  volume={10},
  pages={1185 - 1191}
}
@article{Yang2015TheIO,
  title={The impact of RNA-seq aligners on gene expression estimation},
  author={Cheng Yang and P. Wu and L. Tong and J. Phan and M. Wang},
  journal={Proceedings of the 6th ACM Conference on Bioinformatics, Computational Biology and Health Informatics},
  year={2015}
}
@article{Vieth2019ASE,
  title={A Systematic Evaluation of Single Cell RNA-Seq Analysis Pipelines},
  author={Beate Vieth and Swati Parekh and C. Ziegenhain and W. Enard and I. Hellmann},
  journal={bioRxiv},
  year={2019}
}
@article{Hill2008AmdahlsLI,
  title={Amdahl's Law in the Multicore Era},
  author={M. Hill and M. Marty},
  journal={IEEE Computer},
  year={2008},
  volume={41},
  pages={33-38}
}
@article{Maaten2008VisualizingDU,
  title={Visualizing Data using t-SNE},
  author={L. V. D. Maaten and Geoffrey E. Hinton},
  journal={Journal of Machine Learning Research},
  year={2008},
  volume={9},
  pages={2579-2605}
}
@article{Stuart2019ComprehensiveIO,
  title={Comprehensive Integration of Single-Cell Data},
  author={T. Stuart and Andrew Butler and P. Hoffman and Christoph Hafemeister and R. Satija},
  journal={Cell},
  year={2019},
  volume={177},
  pages={1888-1902.e21}
}
@article{Bernstein2014ContainersAC,
  title={Containers and Cloud: From LXC to Docker to Kubernetes},
  author={D. Bernstein},
  journal={IEEE Cloud Computing},
  year={2014},
  volume={1},
  pages={81-84}
}
@article{Huggett2015ConsiderationsFD,
  title={Considerations for digital PCR as an accurate molecular diagnostic tool.},
  author={J. Huggett and S. Cowen and C. Foy},
  journal={Clinical chemistry},
  year={2015},
  volume={61 1},
  pages={79-88}
}
@inproceedings{Woloshyn2021ExploringPO,
  title={Exploring phases of the Su-Schrieffer-Heeger model with tSNE},
  author={R. Woloshyn},
  year={2021}
}
@article{Yi2018ADC,
  title={A direct comparison of genome alignment and transcriptome pseudoalignment},
  author={Lynn Yi and Lauren Liu and P{\'a}ll Melsted and L. Pachter},
  journal={bioRxiv},
  year={2018}
}
@article{Cmara2018MethodsAC,
  title={Methods and challenges in the analysis of single-cell RNA-sequencing data},
  author={P. C{\'a}mara},
  journal={Current Opinion in Systems Biology},
  year={2018},
  volume={7},
  pages={47-53}
}
@article{guo2018bioinformatics,
  title={Bioinformatics applications on apache spark},
  author={Guo, Runxin and Zhao, Yi and Zou, Quan and Fang, Xiaodong and Peng, Shaoliang},
  journal={GigaScience},
  volume={7},
  number={8},
  pages={giy098},
  year={2018},
  publisher={Oxford University Press}
}
@article{Mushtaq2017StreamingDD,
  title={Streaming Distributed DNA Sequence Alignment Using Apache Spark},
  author={H. Mushtaq and N. Ahmed and Zaid Al-Ars},
  journal={2017 IEEE 17th International Conference on Bioinformatics and Bioengineering (BIBE)},
  year={2017},
  pages={188-193}
}
@article{AlJame2020DNASR,
  title={DNA short read alignment on apache spark},
  author={Maryam AlJame and Imtiaz Ahmad},
  journal={Applied Computing and Informatics},
  year={2020}
}
@article{Manzari2021TargetedDD,
  title={Targeted drug delivery strategies for precision medicines},
  author={Mandana T. Manzari and Y. Shamay and Hiroto Kiguchi and N. Rosen and M. Scaltriti and Daniel A. Heller},
  journal={Nature Reviews Materials},
  year={2021},
  pages={1 - 20}
}
@article{Chintapalli2016BenchmarkingSC,
  title={Benchmarking Streaming Computation Engines: Storm, Flink and Spark Streaming},
  author={Sanket Chintapalli and D. Dagit and B. Evans and R. Farivar and Thomas Graves and Mark Holderbaugh and Z. Liu and Kyle Nusbaum and Kishorkumar Patil and Boyang Peng and Paul Poulosky},
  journal={2016 IEEE International Parallel and Distributed Processing Symposium Workshops (IPDPSW)},
  year={2016},
  pages={1789-1792}
}
@article{Armbrust2018StructuredSA,
  title={Structured Streaming: A Declarative API for Real-Time Applications in Apache Spark},
  author={Michael Armbrust and T. Das and Joseph Torres and Burak Yavuz and Shixiong Zhu and Reynold Xin and A. Ghodsi and I. Stoica and M. Zaharia},
  journal={Proceedings of the 2018 International Conference on Management of Data},
  year={2018}
}
@inproceedings{Sax2019ApacheK,
  title={Apache Kafka},
  author={Matthias Sax},
  booktitle={Encyclopedia of Big Data Technologies},
  year={2019}
}
